@online{architecture,
	author = {Encyclop√¶dia Britannica, Inc.},
	title = {{A}rchitecture | {D}efinition, {T}echniques, {T}ypes, {S}chools, {T}heory, \& {F}acts --- britannica.com},
	url = {ttps://www.britannica.com/topic/architecture},
	urldate = {2024-09-24}
}

@book{clements,
  author = {Alan Clements},
  year = {2006},
  title = {Principles of Computer Hardware},
  publisher = {Oxford University Press}
}

@online{ISA,
	author = {Arm Ltd.},
	title = {{W}hat is {I}nstruction {S}et {A}rchitecture ({I}{S}{A})? --- arm.com},
  url = {https://www.arm.com/glossary/isa},
	urldate = {2024-09-24}
}

